@BOOK{bib1,
  title = {ГОСТ Р 51141-98 «Делопроизводство и архивное дело. Термины и определения»}
}

@BOOK{bib2,
  title = {Федеральный закон от 27.07.2006 №149-ФЗ «Об информации, информационных технологиях и защите информации»}
}

@CONFERENCE{bib3,
  author = {Быков Д.В.},
  title = {диссертация  кандидата технических наук на тему «Исследование процессов передачи и обработки информации в конфиденциальном хранилище электронных документов»},
  booktitle = {Волгоград},
  year = {2009},
}

@BOOK{bib4,
  title = {Анализ очередей в вычислительных сетях},
  publisher = {М.: Наука},
  year = {1989},
  pages = {334},
  author = {Башарин В. Г.}
}

@BOOK{bib5,
  title = {Модели Информационно–вычислительных систем},
  publisher = {М.: Наука},
  year = {1993},
  pages = {69},
  author = {Башарин В. Г.}
}

@BOOK{bib6,
  title = {Модели информационно–вычислительных систем: Сборник научных трудов},
  publisher = {М.: Наука},
  year = {1994},
  pages = {78},
  author = {Башарин Г. П.}
}

@BOOK{bib7,
  title = {Теоретические основы проектирования компьютерных сетей},
  publisher = {М.: Техносфера},
  year = {2003},
  pages = {512},
  author = {Вишневский В.М.}
}